<?xml version="1.0" encoding="UTF-8"?><record xmlns="http://www.loc.gov/MARC21/slim" xmlns:cinclude="http://apache.org/cocoon/include/1.0" xmlns:zs="http://www.loc.gov/zing/srw/">
  <leader>00665nz  a2200121n  4500</leader>
  <controlfield tag="001">n 2011044148</controlfield>
  <controlfield tag="003">DLC</controlfield>
  <controlfield tag="005">20110630074846.0</controlfield>
  <controlfield tag="008">110629n| acannaabn          |n aaa      </controlfield>
  <datafield tag="010" ind1=" " ind2=" ">
    <subfield code="a">n 2011044148</subfield>
  </datafield>
  <datafield tag="040" ind1=" " ind2=" ">
    <subfield code="a">DLC</subfield>
    <subfield code="b">eng</subfield>
    <subfield code="c">DLC</subfield>
  </datafield>
  <datafield tag="100" ind1="1" ind2=" ">
    <subfield code="a">Blakeman, Chuck</subfield>
  </datafield>
  <datafield tag="670" ind1=" " ind2=" ">
    <subfield code="a">Making money is killing your business, c2010:</subfield>
    <subfield code="b">t.p. (Chuck Blakeman) p. 267 (lifetime business practitioner who now uses his experience to help business owners create success; he speaks and works with businesses in the U.S., Europe, Africa, and Australia; his company, The Crankset Group, provides outcomebased mentoring, peer advisory, and consulting for business owners, CEOs, and their growing businesses)</subfield>
  </datafield>
</record>